@book{dance-with-dragons-11,
    author = {George R.R. Martin},
    title = {A Dance with Dragons},
    booktitle = {A Dance with Dragons},
    maintitle = {A Song of Ice and Fire},
    year = {2011},
    publisher = {Bantam}
}

@book{november05,
    author = {Gustave Flaubert},
    title = {November},
    year = {2005},
    publisher = {Gustave Flaubert}
}

@TECHREPORT{ihs16,
    author = {Sam Lucero},
    title = {IoT platforms: enabling the Internet of Things},
    institution = {ihs},
    year = {2016},
    month = {March},
    abstract = {This whitepaper examines the impact of the Internet of Things
        (IoT) and analyzes the role that IoT platforms play in enabling the
            development and implementation of IoT applications and services},
    url = {https://cdn.ihs.com/www/pdf/enabling-IOT.pdf}
}

@TECHREPORT{chirp17,
    author = {Dean Bubley},
    title = {Data over Sound Technology},
    institution ={Disruptive Analysis},
    year = {2017},
    url = {https://chirp.io/docs/data-over-sound-whitepaper.pdf}
}

@book{selected-poem,
    author = {Leonard Cohen},
    title = {Anthem},
    booktitle = {The Future},
    year = {1992}
}

@TECHREPORT{cisco19,
  author = {cisco},
  title = {Global Mobile Data Traffic Forecast Update, 2017-2022},
  year = {2019},
  month = {February},
  abstract = {Global traffic projections},
  publisher = {Cisco Visual Networking Index},
  url =
  {"https://www.cisco.com/c/en/us/solutions/collateral/service-provider/visual-networking-index-vni/white-paper-c11-738429.html#_Toc953327"}
}

@online{hass11,
  title = {Wireless data from every light buld},
  author = {Harald Haas},
  venue = {ted},
  year = {2011},
  month = {July},
  url = {"https://www.ted.com/talks/harald_haas_wireless_data_from_every_light_bulb"}
}

@online{purelifi,
  title = {Light becomes data},
  author = {pureLiFi},
  year = {2012},
  month = {March},
  url = {"https://purelifi.com"}
}

@misc{hass18,
  author = {Herald Haas},
  title = {LiFi is a paradigm-shifting 5G technology},
  year = {2018},
  month = {November},
  publisher = {ScienceDirect},
  volume = {3},
  pages = {26-31},
  url = {"https://www.sciencedirect.com/science/article/pii/S2405428317300151"}
}

@misc{dimitrov12,
  author = {Svilen Dimitrov and Sinan Sinanovic and Harald Haas},
  title = {Clipping Noise in OFDM-Based Optical Wireless Communication Systems},
  year = {2012},
  month = {April},
  publisher = {IEEE},
  volume = {60},
  number = {4},
  url = {"http://www.homepages.ed.ac.uk/hxh/Li-Fi_PAPERS/12_TransCommun_Dimitrov.pdf"}
}

@misc{elgala09,
  author = {Hany Elgala and Raed Mesleh and Harald Haas},
  title = {Indoor Broadcasting via White LEDs and OFDM},
  publisher = {IEEE Transactions on Consumer Electronics},
  volume = {55},
  issue = {3},
  year = {2009},
  month = {August},
  url = {"http://www.homepages.ed.ac.uk/hxh/Li-Fi_PAPERS/IEEE_Trans_Consumer_Electronics.pdf"}
}

