@book{dance-with-dragons-11,
    author = {George R.R. Martin},
    title = {A Dance with Dragons},
    booktitle = {A Dance with Dragons},
    maintitle = {A Song of Ice and Fire},
    year = {2011},
    publisher = {Bantam}
}

@book{november05,
    author = {Gustave Flaubert},
    title = {November},
    year = {2005},
    publisher = {Gustave Flaubert}
}

@TECHREPORT{ihs16,
    author = {Sam Lucero},
    title = {IoT platforms: enabling the Internet of Things},
    institution = {ihs},
    year = {2016},
    month = {March},
    abstract = {This whitepaper examines the impact of the Internet of Things
        (IoT) and analyzes the role that IoT platforms play in enabling the
            development and implementation of IoT applications and services},
    url = {https://cdn.ihs.com/www/pdf/enabling-IOT.pdf}
}

@TECHREPORT{chirp17,
    author = {Dean Bubley},
    title = {Data over Sound Technology},
    institution ={Disruptive Analysis},
    year = {2017},
    url = {https://chirp.io/docs/data-over-sound-whitepaper.pdf}
}
