@book{dance-with-dragons-11,
    author = {George R.R. Martin},
    title = {A Dance with Dragons},
    booktitle = {A Dance with Dragons},
    maintitle = {A Song of Ice and Fire},
    year = {2011},
    publisher = {Bantam}
}
