@book{selected-poem,
    author = {Leonard Cohen},
    title = {Anthem},
    booktitle = {The Future},
    year = {1992}
}
@misc{cisco,
  title = {{Cisco Visual Networking Index: Global Mobile Data Traffic Forecast Update, 2017-2022 White Paper}},
  howpublished = "\url{https://www.cisco.com/c/en/us/solutions/collateral/service-provider/visual-networking-index-vni/white-paper-c11-738429.html#_Toc953327}"
}